@inproceedings{mechev2017,
author = {Mechev, Alexandar and Raymond Oonk, J.B. and Danezi, Anatoli and Shimwell, Timothy and Schrijvers, Coen and Intema, Huib and Plaat, Aske and J.A. Rottgering, Huub},
year = {2017},
month = {12},
pages = {002},
title = {An Automated Scalable Framework for Distributing Radio Astronomy Processing Across Clusters and Clouds},
doi = {10.22323/1.293.0002}
}

@misc{jason_maassen_2015_35415,
  author       = {Jason Maassen and
                  Stefan Verhoeven and
                  Joris Borgdorff and
                  Niels Drost and
                  cwmeijer and
                  Jurriaan H. Spaaks and
                  Rob V. van Nieuwpoort and
                  Piter T. de Boer and
                  Ben van Werkhoven},
  title        = {Xenon: Xenon 1.1.0},
  month        = dec,
  year         = 2015,
  doi          = {10.5281/zenodo.35415},
  url          = {https://doi.org/10.5281/zenodo.35415}
}
